@misc{li2018visualizing,
      title={Visualizing the Loss Landscape of Neural Nets}, 
      author={Hao Li and Zheng Xu and Gavin Taylor and Christoph Studer and Tom Goldstein},
      year={2018},
      eprint={1712.09913},
      archivePrefix={arXiv},
      primaryClass={cs.LG},
      howpublished = {\url{https://arxiv.org/abs/1712.09913}}
}

@misc{VtLLoNN2020,
	title = {Visualizing the Loss Landscape of Neural Nets},
	year = {2020},
	publisher = {GitHub},
	journal = {GitHub repository},
	howpublished = {\url{https://github.com/Nilnarunion/Visualizing-the-Loss-Landscape-of-Neural-Nets}},
	commit = {a1da49d3c15d35c97e8aa0f5164c9a9faac0c62e}
}

@misc{CIFAR10,
	title = {The CIFAR-10 dataset},
	author = {Alex Krizhevsky},
	howpublished = {\url{https://www.cs.toronto.edu/~kriz/cifar.html}}
}

@misc{CrossEntropyLoss,
	title = {CrossEntropyLoss},
	author = {Pytorch Dokumentation},
	howpublished = {\url{https://pytorch.org/docs/stable/generated/torch.nn.CrossEntropyLoss.html}}
}

@misc{jae2019VLLoDNN,
	title={Visualizing Loss Landscape of Deep Neural Networksâ€¦..but can we Trust them?}, 
	author={Jae Duk Seo},
	year={2019},
	howpublished = {\url{https://towardsdatascience.com/visualizing-loss-landscape-of-deep-neural-networks-but-can-we-trust-them-3d3ae0cff46e}}
}

@inproceedings{sutskever2013importance,
	title={On the importance of initialization and momentum in deep learning},
	author={Sutskever, Ilya and Martens, James and Dahl, George and Hinton, Geoffrey},
	booktitle={International conference on machine learning},
	pages={1139--1147},
	year={2013},
	organization={PMLR},
		howpublished = {\url{http://www.cs.toronto.edu/%7Ehinton/absps/momentum.pdf}}
}